%%%%%%%%%%%%%%%%%%% Internet statistics %%%%%%%%%%%%%%%%%%%
@report{itu_digdev,
    author = {ITU},
    title = {Measuring digital development Facts and Figures 2022},
    year = {2023},
    organization = {International Telecommunication Union},
    url = {https://www.itu.int/itu-d/reports/statistics/facts-figures-2022/},
    urldate = {2023-09-17}
}

%%%%%%%%%%%%%%%%%%% IP Multicast %%%%%%%%%%%%%%%%%%%
@article{deering1990multicast,
  title={Multicast routing in datagram internetworks and extended LANs},
  author={Deering, Stephen E and Cheriton, David R},
  journal={ACM Transactions on Computer Systems (TOCS)},
  volume={8},
  number={2},
  pages={85--110},
  year={1990},
  publisher={ACM New York, NY, USA}
}

@inproceedings{ratnasamy2006revisiting,
  title={Revisiting IP multicast},
  author={Ratnasamy, Sylvia and Ermolinskiy, Andrey and Shenker, Scott},
  booktitle={Proceedings of the 2006 conference on Applications, technologies, architectures, and protocols for computer communications},
  pages={15--26},
  year={2006}
}

@article{diot2000deployment,
  title={Deployment issues for the IP multicast service and architecture},
  author={Diot, Christophe and Levine, Brian Neil and Lyles, Bryan and Kassem, Hassan and Balensiefen, Doug},
  journal={IEEE network},
  volume={14},
  number={1},
  pages={78--88},
  year={2000},
  publisher={IEEE}
}

@misc{rfc1112_ip4mc,
    series =    {Request for Comments},
    number =    1112,
    howpublished =  {RFC 1112},
    publisher = {RFC Editor},
    doi =       {10.17487/RFC1112},
    url =       {https://www.rfc-editor.org/info/rfc1112},
        author =    {Dr. Steve E. Deering},
    title =     {{Host extensions for IP multicasting}},
    pagetotal = 17,
    year =      1989,
    month =     aug,
    abstract =  {This memo specifies the extensions required of a host implementation of the Internet Protocol (IP) to support multicasting. Recommended procedure for IP multicasting in the Internet. This RFC obsoletes RFCs 998 and 1054. {[}STANDARDS-TRACK{]}},
}

@misc{rfc4291_ip6mc,
    series =    {Request for Comments},
    number =    4291,
    howpublished =  {RFC 4291},
    publisher = {RFC Editor},
    doi =       {10.17487/RFC4291},
    url =       {https://www.rfc-editor.org/info/rfc4291},
        author =    {Dr. Steve E. Deering and Bob Hinden},
    title =     {{IP Version 6 Addressing Architecture}},
    pagetotal = 25,
    year =      2006,
    month =     feb,
    abstract =  {This specification defines the addressing architecture of the IP Version 6 (IPv6) protocol. The document includes the IPv6 addressing model, text representations of IPv6 addresses, definition of IPv6 unicast addresses, anycast addresses, and multicast addresses, and an IPv6 node's required addresses. This document obsoletes RFC 3513, "IP Version 6 Addressing Architecture". {[}STANDARDS-TRACK{]}},
}


%%%%%%%%%%%%%%%%%%% MEADcast %%%%%%%%%%%%%%%%%%%
@inproceedings{meadcast1,
  title={Privacy-Preserving Multicast to Explicit Agnostic Destinations},
  author={Tran, Cuong Ngoc and Danciu, Vitalian},
  booktitle={Proceedings of the Eighth International Conference on Advanced Communications and Computation (INFOCOMP 2018)},
  year={2018},
  pages={60--65}
}

@article{meadcast2,
  title={MEADcast: Explicit Multicast with Privacy Aspects},
  author={Danciu, Vitalian and Tran, Cuong Ngoc},
  journal={International Journal on Advances in Security},
  volume={12},
  pages={13--28},
  year={2019},
  number={1 \& 2},
  publisher={IARIA},
  issn={1942-2636}
}

%%%%%%%%%%%%%%%%%%% Protocols using IP-Multicast %%%%%%%%%%%%%%%%%%%
@misc{rfc4861_ipv6_nd,
    series =    {Request for Comments},
    number =    4861,
    howpublished =  {RFC 4861},
    publisher = {RFC Editor},
    doi =       {10.17487/RFC4861},
    url =       {https://www.rfc-editor.org/info/rfc4861},
        author =    {William A. Simpson and Dr. Thomas Narten and Erik Nordmark and Hesham Soliman},
    title =     {{Neighbor Discovery for IP version 6 (IPv6)}},
    pagetotal = 97,
    year =      2007,
    month =     sep,
    abstract =  {This document specifies the Neighbor Discovery protocol for IP Version 6. IPv6 nodes on the same link use Neighbor Discovery to discover each other's presence, to determine each other's link-layer addresses, to find routers, and to maintain reachability information about the paths to active neighbors. {[}STANDARDS-TRACK{]}},
}

@misc{rfc2453_rip,
    series =    {Request for Comments},
    number =    2453,
    howpublished =  {RFC 2453},
    publisher = {RFC Editor},
    doi =       {10.17487/RFC2453},
    url =       {https://www.rfc-editor.org/info/rfc2453},
        author =    {Gary S. Malkin},
    title =     {{RIP Version 2}},
    pagetotal = 39,
    year =      1998,
    month =     nov,
    abstract =  {This document specifies an extension of the Routing Information Protocol (RIP) to expand the amount of useful information carried in RIP messages and to add a measure of security. {[}STANDARDS-TRACK{]}},
}

